<?xml version="1.0" encoding="UTF-8"?><record xmlns="http://www.loc.gov/MARC21/slim" xmlns:cinclude="http://apache.org/cocoon/include/1.0" xmlns:zs="http://www.loc.gov/zing/srw/">
  <leader>01827cz  a2200289n  4500</leader>
  <controlfield tag="001">n  81106282 </controlfield>
  <controlfield tag="003">DLC</controlfield>
  <controlfield tag="005">20131101073912.0</controlfield>
  <controlfield tag="008">810928n| azannaabn          |a aaa      </controlfield>
  <datafield tag="010" ind1=" " ind2=" ">
    <subfield code="a">n  81106282 </subfield>
  </datafield>
  <datafield tag="035" ind1=" " ind2=" ">
    <subfield code="a">(OCoLC)oca00651350</subfield>
  </datafield>
  <datafield tag="040" ind1=" " ind2=" ">
    <subfield code="a">DLC</subfield>
    <subfield code="b">eng</subfield>
    <subfield code="e">rda</subfield>
    <subfield code="c">DLC</subfield>
    <subfield code="d">DLC</subfield>
    <subfield code="d">MoRM</subfield>
    <subfield code="d">IEN</subfield>
  </datafield>
  <datafield tag="046" ind1=" " ind2=" ">
    <subfield code="f">19350127</subfield>
    <subfield code="g">20080617</subfield>
  </datafield>
  <datafield tag="100" ind1="1" ind2=" ">
    <subfield code="a">Sauer, Harry J.,</subfield>
    <subfield code="c">Jr.,</subfield>
    <subfield code="d">1935-2008</subfield>
  </datafield>
  <datafield tag="370" ind1=" " ind2=" ">
    <subfield code="a">Saint Joseph (Mo.)</subfield>
    <subfield code="f">Rolla (Mo.)</subfield>
  </datafield>
  <datafield tag="372" ind1=" " ind2=" ">
    <subfield code="a">Mechanical engineering</subfield>
    <subfield code="2">lcsh</subfield>
  </datafield>
  <datafield tag="373" ind1=" " ind2=" ">
    <subfield code="a">University of Missouri--Rolla</subfield>
    <subfield code="2">naf</subfield>
    <subfield code="s">1968</subfield>
    <subfield code="t">2007</subfield>
  </datafield>
  <datafield tag="373" ind1=" " ind2=" ">
    <subfield code="a">University of Missouri at Rolla</subfield>
    <subfield code="2">naf</subfield>
    <subfield code="s">1964</subfield>
    <subfield code="t">1968</subfield>
  </datafield>
  <datafield tag="373" ind1=" " ind2=" ">
    <subfield code="a">University of Missouri. School of Mines and Metallurgy</subfield>
    <subfield code="2">naf</subfield>
  </datafield>
  <datafield tag="374" ind1=" " ind2=" ">
    <subfield code="a">College teachers</subfield>
    <subfield code="2">lcsh</subfield>
  </datafield>
  <datafield tag="375" ind1=" " ind2=" ">
    <subfield code="a">male</subfield>
  </datafield>
  <datafield tag="377" ind1=" " ind2=" ">
    <subfield code="a">eng</subfield>
  </datafield>
  <datafield tag="400" ind1="1" ind2=" ">
    <subfield code="a">Sauer, H. J.</subfield>
    <subfield code="q">(Harry J.),</subfield>
    <subfield code="c">Jr.,</subfield>
    <subfield code="d">1935-2008</subfield>
  </datafield>
  <datafield tag="670" ind1=" " ind2=" ">
    <subfield code="a">Look, D.C. Thermodynamics, 1982 (a.e.)</subfield>
    <subfield code="b">t.p. (Harry J. Sauer, Univ. of Missouri, Rolla) pref. signed (H.J. Sauer, Jr.) CIP data sheet (b. 1/27/35)</subfield>
  </datafield>
  <datafield tag="670" ind1=" " ind2=" ">
    <subfield code="a">SSDI via Ancestry.com, July 16,  2013</subfield>
    <subfield code="b">(Sauer, Harry J.; b. Jan. 27, 1935, d. June 17, 2008)</subfield>
  </datafield>
  <datafield tag="670" ind1=" " ind2=" ">
    <subfield code="a">St. Louis Post-Dispatch (MO), Thursday, June 19, 2008, viewed Aug. 12, 2013 via GenealogyBank.com</subfield>
    <subfield code="b">search Harry Sauer, Recent Obituaries (Sauer, Dr. Harry J. Hank, Newspaper Obituary and Death Notice (Professor of Mechanical and Aerospace Engineering; born on January 27, 1935 in St. Joseph Missouri; Dr. Sauer had completed fifty (50) years as a faculty member at the Missouri University of Science and Technology where he had also previously served as Dean of Graduate Study and as Associate Chairman for Mechanical Engineering)</subfield>
    <subfield code="u">http://boards.ancestry.com/topics.obits2/10520/mb.ashx</subfield>
  </datafield>
  <datafield tag="670" ind1=" " ind2=" ">
    <subfield code="a">OCLC, Oct. 11, 2013</subfield>
    <subfield code="b">(access points: Sauer, Harry J.; Sauer, Harry J., 1935-; Sauer, Harry J., Jr., 1935-; Usage: Harry J. Sauer, Harry J. Sauer, Jr.)</subfield>
  </datafield>
</record>